%%%%%%%%%%%%%%%%%%%%%%%%%%%%%%%%%%%%%%%%%%%%%%%%%%%%%%%%%%%%%%%%%%%%%%%%%%
% Referencias bibliograficas utilizadas
% Para mais informações ver documentação do abntex2 e http://www.bibtex.org/
%%%%%%%%%%%%%%%%%%%%%%%%%%%%%%%%%%%%%%%%%%%%%%%%%%%%%%%%%%%%%%%%%%%%%%%%%%

% https://github.com/AdrianoRuseler/abntex2-modelo-experimento/blob/master/abntex2-modelo-references.bib

% É importante observar que em casos onde o nome do autor ou organização tem acentos é importante fazer na forma separada \'e \~a de forma que a versão em maiúsculas fique correta.
% se você digitar um código errado o compilador pode reclar de caracter unicode invalido
% uma ótima solução para esse problema é fazer uma definição que troque esse caracter por uma string diferente assim facilitando detectar a localização do problema
% \DeclareUnicodeCharacter{0301}{*************************************}
% https://tex.stackexchange.com/questions/443018/package-inputenc-error-unicode-char-%CC%81-u301inputenc


%@misc{rene_como_emperrar_a_inovacao,
 % author = {Rene de {PAULA JR}},
 % title = {um demo ao vivo: como emperrar a inovação!},
 % year={2021},
 % url={ /web/20221202031920/https://www.youtube.com/watch?v=yAHxFqKNjLY},
 % options = {noslsn},
%}

%@misc{como_fazer_ingresso_com_escalar,
 % author = {Fabio Akita},
 % title = {Como fazer o Ingresso.com escalar? | Conceitos Intermediários de Web},
 % year={2021},
 % url={ /web/20221202031500/https://www.youtube.com/watch?v=0TMr8rsmU-k},
 % options = {noslsn},
%}


%@misc{password_storage_cheat_sheet,
 % Org-Short = {OWASP},
 % organization = {Open Web Application Security Project Foundation},
 % title = {Password Storage Cheat Sheet},
  %year={-},
  %url={https://web.archive.org/web/20211207112546/https://cheatsheetseries.owasp.org/cheatsheets/Password_Storage_Cheat_Sheet.html},
 % options = {noslsn},
%}

%@misc{authentication_cheat_sheet,
%  Org-Short = {OWASP},
  %organization = {Open Web Application Security Project Foundation},
  %title = {Authentication Cheat Sheet},
  %year={-},
  %url={https://web.archive.org/web/20211125194613/https://cheatsheetseries.owasp.org/cheatsheets/Authentication_Cheat_Sheet.html},
 % options = {noslsn},
%}

%@misc{forgot_password_cheat_sheet,
 % Org-Short = {OWASP},
  %organization = {Open Web Application Security Project Foundation},
  %title = {Forgot Password Cheat Sheet},
 % year={-},
 % url={https://web.archive.org/web/20211029025545/https://cheatsheetseries.owasp.org/cheatsheets/Forgot_Password_Cheat_Sheet.html},
%  options = {noslsn},
%}

%@misc{owasp_cheat_sheet,
%  Org-Short = {OWASP},
 % organization = {Open Web Application Security Project Foundation},
%  title = {OWASP Cheat Sheet Series},
%  year={-},
 % url={ /web/20221202031030/https://cheatsheetseries.owasp.org/index.html},
 % options = {noslsn},
%}
%%%%%%%%%%%%%%%%%%%%%%%%%%%%%%%%


@online{normativa,
  author = {MAPA},
  title = {INSTRUÇÃO NORMATIVA Nº 35, DE 11 DE SETEMBRO DE 2017},
  year = {2017},
  url = {https://web.archive.org/web/20221202030843/https://www.gov.br/agricultura/pt-br/assuntos/insumos-agropecuarios/insumos-pecuarios/produtos-veterinarios/legislacao-1/instrucoes-normativas/instrucao-normativa-sda-mapa-no-35-de-11-09-2017.pdf},
  urldate = {2022-08-21}
}

@online{PetersonRedes,
  author = {Larry Peterson},
  title = {Redes de computadores : uma abordagem de sistemas},
  year = {2013},
  urldate = {2022-09-06}
}

@online{manual,
  author = {CRMVSP},
  title = {Manual de Responsabilidade Técnica e Legislação, 4° edição revisada},
  year = {2019},
  url = {https://web.archive.org/web/20221202030655/https://crmvsp.gov.br/3d-flip-book/manual-de-responsabilidade-tecnica-e-legislacao/},
  urldate = {2022-09-06}
}

@online{lgpd,
  author = {LGPD},
  title = {Lei Geral de Proteção de Dados },
  year = {2018},
  url = {https://web.archive.org/web.archive.org/web/20211018033354/https://www.tjsp.jus.br/LGPD/LGPD/ALGPD},
  urldate = {2022-09-06}
}

@online{lgpdComoCumprir,
  author = {SERPRO},
  title = {Como cumprir a LGPD?},
  year = {2022},
  url ={https://web.archive.org/web.archive.org/web/20220719020624/https://www.serpro.gov.br/lgpd/empresa/como-cumprir-a-lgpd/},
  urldate = {2022-09-06}
}

@online{scrum,
author={Ken Schwaber},
title={What is Scrum? A Better Way Of Building Products},
year={2022},
url={https://web.archive.org/web/20221202030501/https://www.scrum.org/resources/what-is-scrum},
urldate={2022-08-25}
}

@online{agile,
author={Don Wells},
title={When should Extreme - Programming be Used?},
year={1999},
url={https://web.archive.org/web/20221202014301/http://www.extremeprogramming.org/when.html},
urldate={2022-08-25}
}
%—-------------------------
@online{manual_rt,
  author = {CRMVSP},
  title = {Manual de Responsabilidade Tecnica e Legisla\c{c}\~{a}o},
  year = {2019},
  url = {https://web.archive.org/web/20221202030212/https://crmvsp.gov.br/wp-content/uploads/2021/03/MANUAL_RT_CRMV-SP.pdf},
  urldate = {2022-09-26}
}
%Responsabilidade Tecnica 
%\cite manual_rt


%—---------
@online{rt_crmv,
  author = {CRMVSP},
  title = {Responsabilidade Tecnica e uma das principais atividades profissionais},
  year = {2022},
  url = {https://web.archive.org/web/20221202030054/https://crmvsp.gov.br/responsabilidade-tecnica-e-uma-das-principais-atividades-profissionais/ },
  urldate = {2022-09-26}
}
% Responsabilidade Tecnica
%\cite rt_crmv

%—---------------------
@online{teleMV,
  author = {CRMVSP},
  title = {resolu\c{c}\~{a}o nº 1465, de 27 de junho de 2022},
  year = 2022,
  url = {https://web.archive.org/web/20221202025929/http://ts.cfmv.gov.br/manual/arquivos/resolucao/1465.pdf},
  urldate = {2022-09-26}
}

%Telemedicina Veterinária
%\cite teleMV

%—---------------------
@online{cart_digital,
  author = {CRMVSP},
  title = {resolu\c{c}\~{a}o cria cedula digital e simplifica processos de inscri\c{c}\~{a}o e cadastro},
  year = 2022,
  url = {https://web.archive.org/web/20221202025838/http://ts.cfmv.gov.br/manual/arquivos/resolucao/1475.pdf},
  urldate = {2022-09-26}
}
%Cédula Veterinária Digital
%\cite cart_digital
%--------------------------------------------------
@online{art_digital,
  author = {CFMV},
  title = {resolu\c{c}\~{a}o nº 1228, de 20 de setembro de 2018},
  year = 2018,  url = { https://web.archive.org/web/20221202025657/https://edisciplinas.usp.br/acessar/ },
  urldate = {2022-09-26}
}
%ART Digital
%\cite art_digital

%------------------------------------------------

@online{ doc_obrig,
  author = {CFMV},
  title = {resolu\c{c}\~{a}o nº 1321 DE 24 DE ABRIL DE 2020},
  year = 2020,  url = { https://web.archive.org/web/20221202025657/https://edisciplinas.usp.br/acessar/},
  urldate = {2022-09-26}
}
%Normatização de Documentos Obrigatórios emitidos pelos estabelecimentos veterinários
%\cite doc_obrig

@online{ etica,
  author = {CFMV},
  title = {resolu\c{c}\~{a}o nº 1138 DE 25 DE Janeiro DE 2016},
  year = 2016,  url = {http://ts.cfmv.gov.br/manual/arquivos/resolucao/1138.pdf },
  urldate = {2022-10-18}
}

@online{prontuarioXhistorico,
author= {Maicon Alves},
title= {Qual é a diferença entre laudo técnico, parecer, atestado, prontuário e relatório médico?},
year= 2020,
url={https://web.archive.org/web/20221206170637/https://advocaciaalves.com.br/blog/diferenca-entre-atestado-parecer-laudo-tecnico-relatorio-e-prontuario},
urldate={2022-12-06}
}

@online{prontuario_medico,
author={Aguiar Farina},
title={Prontuário Médico},
year= 1999,
url={https://web.archive.org/web/20221206171219/https://portal.cfm.org.br/artigos/prontuario-medico/},
urldate={2022-12-06}
}
@online{historico_medico,
author={José Aldair Morsch},
title={O Que é Importante Constar no Historico do Paciente},
year=2020,
url={https://web.archive.org/web/20221206181953/https://telemedicinamorsch.com.br/blog/historico-do-paciente},
urldate={2022-12-06}

}

%%%%%%%%%%%%%%%%%%%%%%%%%%%%%%%%%%%%%% 

%% Dados da população pet

@online{ ibge2013,
author = {IBGE},
title = {Popula\c{c}\~{a}o de animais de estima\c{c}\~{a}o no Brasil em 2013},
year = 2013, url = { https://web.archive.org/web/20221202025344/https://www.gov.br/agricultura/pt-br/assuntos/camaras-setoriais-tematicas/documentos/camaras-tematicas/insumos-agropecuarios/anos-anteriores/ibge-populacao-de-animais-de-estimacao-no-brasil-2013-abinpet-79.pdf},
urldate = {2022-11-01}
}

@online{ ibge2018,
author = {IBGE},
title = {Mercado Pet},
year = 2019, url = {https://web.archive.org/web/20221202025219/https://www.gov.br/agricultura/pt-br/assuntos/camaras-setoriais-tematicas/documentos/camaras-setoriais/animais-e-estimacao/2019/26deg-ro-1/14-10-ipb_mercado_pet_resultados_2018_draft2.pdf},
urldate = {2022-11-01}
}

@online{ pet2021,
author = {IBGE},
title = {Mercado Pet 2022},
year = 2022,
url = {https://web.archive.org/web/20221202025103/https://abinpet.org.br/wp-content/uploads/2022/08/abinpet_folder_dados_mercado_2022_draft3_web.pdf},
urldate = {2022-11-01}
}

@online {gato2019,
author = {IBGE},
title = {Domicilios com algum gato, por situa\c{c}\~{a}o de domicilio},
year = 2019,
url = {https://web.archive.org/web/20221202024851/https://sidra.ibge.gov.br/tabela/4931},
urldate = {2022-11-01}
}

@online {cao2019,
author = {IBGE},
title = {Domicilios com algum c\~{a}o, por situa\c{c}\~{a}o de domicilio},
year = 2019,
url = {https://web.archive.org/web/20221202024714/https://sidra.ibge.gov.br/tabela/4930},
urldate = {2022-11-01}
}

@online {vacina2019,
author = {IBGE},
title = {Domicilios com algum cachorro ou gato e em que todos os cachorros e gatos foram vacinados contra raiva nos ultimos 12 meses},
year = 2019,
url = {https://web.archive.org/web/20221202024547/https://sidra.ibge.gov.br/tabela/4932},
urldate = {2022-11-01}
}

@online {vets2020,
author = {CFMV},
title = {Censo trienio 2017-2020},
year = {2020},
url = {https://web.archive.org/web/20221202024424/https://www.cfmv.gov.br/censo/transparencia/2017-2020/2020/12/11/},
urldate = {2022-11-01}
}

@online {vets2022,
author = {CFMV},
title = {Relatorio geral 2022},
year = 2022,
url = { https://web.archive.org/web/20221202024328/https://www.cfmv.gov.br/wp-content/uploads/2022/05/relatorio_geral-1.pdf},
urldate = {2022-11-01}
}

@online {clinicas2022,
author = {CFMV},
title = {Relatorio clinica hospital consultorio 2022},
year = 2022,
url = {https://web.archive.org/web/20221202024220/https://www.cfmv.gov.br/wp-content/uploads/2022/05/relatorio_clinica_hospital_consultorio.pdf},
urldate = {2022-11-01}
}


@online {vets_SP,
author = {CRMVSP},
title = {CRMV-SP em numeros},
year = 2022,
url = {https://web.archive.org/web/20221202024102/https://crmvsp.gov.br/crmv-em-numeros/},
urldate = {2022-11-01}
}



@online {pe_dig,
author = {Dantas,Erika Evangelista and Martins, Ana Beatriz},
title = {Digitalização de prontuários na Medicina Veterinária},
year = 2021,
url = {https://web.archive.org/web/20221202023956/https://www.dantasemartins.com.br/2021/09/20/digitalizacao-de-prontuarios-na-medicina-veterinaria/},
urldate = {2022-11-01}
}


@online {scrum2,
author = {Schwaber,Ken and Sutherland,Jeff},
title = {The 2020 Scrum Guide},
year = 2020,
url = { https://web.archive.org/web/20221202023831/https://scrumguides.org/scrum-guide.html},
urldate = {2022-11-06}
}


@online {agile2,
author = {West,Dave},
title = {As papéis do Scrum e a verdade sobre cargos nessa técnica},
year = {2022},
url = {https://web.archive.org /web/20221202023717/https://www.atlassian.com/br/agile/scrum/roles},
urldate = {2022-11-06}
}


@online {prontuario,
author = {Arruda,Renata},
title = {Prontuário e a sua importância legal e ética na medicina veterinária},
year = {2022},
url = {https://web.archive.org/web/20221202023600/https://www.vetshare.com.br/post/prontu\%5C\%C3\%5C\%A1rio-e-a-sua-import\%5C\%C3\%5C\%A2ncia-legal-e-\%5C\%C3\%5C\%A9tica-na-medicina-veterin\%5C\%C3\%5C\%A1ria},
urldate = {2022-11-01}
}



@online {jira,
author = {Atlassian},
title = {Práticas recomendadas do Jira Software},
year = 2022,
url = {https://www.atlassian.com/br/software/jira/guides/getting-started/best-practices#jira-workflow-best-practices},
urldate = {2022-11-07}
}

@online {glassdoor,
author = {Glassdoor},
title = {Salário Desenvolvedor (Dezembro de 2022)},
year = 2022,
url = {https://web.archive.org/web/20221203191411/https://www.glassdoor.com.br/Sal\%C3\%A1rios/desenvolvedor-sal\%C3\%A1rio-SRCH_KO0,13.htm},
urldate = {2022-12-03}
}

@online {FGV,
author = {André Porela Souza},
title = {Custo do trabalho no Brasil},
year = 2022,
url = {https://web.archive.org/web/20220303064635/https://cmicro.fgv.br/sites/cmicro.fgv.br/files/file/Custo\%20do\%20Trabalho\%20no\%20Brasil\%20-\%20Relat\%C3\%B3rio\%20Final(1).pdf},
urldate = {2022-07-11}
}

@online {simplesvet,
author = {Simplesvet},
title = {Clinica e PetShop},
year = 2022,
url = { https://web.archive.org/web/20221202023247/https://simples.vet/conheca/clinica-petshop/},
urldate = {2022-10-03}
}


@online {vetwork,
author = {Vetwork},
title = {VetWork Sistema Para Clínicas e PetShop},
year = 2018,
url = {https://web.archive.org/web/20221202023005/https://vetwork.com.br/},
urldate = {2022-10-03}
}


@online {doctorvet,
author = {Siematec},
title = {DoctorVet},
year = 2022,
url = {https://web.archive.org/web/20221202022850/https://www.siematec.com.br/servico/doctorvet/},
urldate = {2022-10-03}
}

@online {drsnoopy,
author = {Zetta Brasil},
title = {Dr Snoopy Recursos},
year = 2022,
url = {https://web.archive.org/web/20221202022719/https://drsnoopy.com/recursos},
urldate = {2022-10-03}
}

@online {vetsoft,
author = {VetSoft},
title = {O melhor sistema para gestão de clínicas veterinárias, hospitais veterinários e pet shops},
year = 2022,
url = {https://web.archive.org/web/20221202022535/https://www.vetsoft.com.br/},
urldate = {2022-10-03}
}

@online {bensvet,
author = {AmbPlan},
title = {SISTEMA VETERINÁRIO BENSVET},
year = 2020,
url = { https://web.archive.org/web/20221202022427/https://bensvet.com.br/conheca-o-sistema/},
urldate = {2022-10-03}
}



@online {jwt,
author = {AuthO},
title = {Introduction to JSON Web Tokens},
year = 2022,
url = {https://web.archive.org/web/20221202021916/https://jwt.io/introduction},
urldate = {2022-10-17}
}


@online {solid1,
author = {Sam Milington},
title = {A Solid Guide to SOLID Principles},
year = 2022,
url = {https://web.archive.org/web/20221202013731/https://www.baeldung.com/solid-principles},
urldate = {2022-11-12}
}

@online {solid2,
author = {Robert C. Martin},
title = {Design Principles and Design Patterns},
year = 2000,
url = {/web/20221202021504/http://staff.cs.utu.fi/~jounsmed/doos_06/material/DesignPrinciplesAndPatterns.pdf},
urldate = {2022-11-20}
}




@online {ts,
author = {Typescript},
title = {TypeScript Documentation},
year = 2022,
url = {/web/20221202021339/https://www.typescriptlang.org/docs/},
urldate = {2022-10-17}
}


@online {figma,
author = {Figma},
title = {DESIGN FEATURES - It’s time to design on your terms},
year = 2022,
url = {/web/20221202021236/https://www.figma.com/design/},
urldate = {2022-10-17}
}

@online {bootstrap,
author = {Bootstrap},
title = {bootstrap},
year = 2022,
url = { /web/20221202021115/https://getbootstrap.com/},
urldate = {2022-10-14}
}

@online {scss,
author = {TipsCode},
title = {Qual é a diferenças entre Sass e SCSS?},
year = 2022,
url = {/web/20221202021017/https://tipscode.com.br/qual-a-diferencas-entre-sass-e-scss},
urldate = {2022-10-02}
}


@online {reactjs,
author = {Meta},
title = {Getting Started},
year = 2022,
url = { /web/20221202020914/https://reactjs.org/docs/getting-started.html},
urldate = {2022-10-02}
}

@online {java,
author = {Oracle},
title = {java},
year = 2022,
url = { /web/20221202020803/https://docs.oracle.com/en/java/},
urldate = {2022-10-22}
}



@online {eld,
author = {Aws},
title = {Elastic Load Balancing},
year = 2022,
url = {/web/20221202020706/https://aws.amazon.com/pt/elasticloadbalancing/?nc2=h_ql_prod_nt_elb},
urldate = {2022-10-22}
}

@online {ec2,
author = {Aws},
title = {Amazon EC2},
year = 2022,
url = { /web/20221202020558/https://aws.amazon.com/pt/ec2/?nc2=h_ql_prod_fs_ec2},
urldate = {2022-10-23}
}
@online {s3,
author = {Aws},
title = {Amazon S3},
year = 2022,
url = { /web/20221202020448/https://aws.amazon.com/pt/s3/?nc2=h_ql_prod_fs_s3},
urldate = {2022-10-28}
}


@online {elbean,
author = {Aws},
title = {AWS Elastic Beanstalk},
year = 2022,
url = { /web/20221202020346/https://aws.amazon.com/pt/elasticbeanstalk/?nc2=h_ql_prod_cp_ebs},
urldate = {2022-10-22}
}

@online {cloudw,
author = {Aws},
title = {Amazon CloudWatch},
year = 2022,
url = { /web/20221202020208/https://aws.amazon.com/pt/cloudwatch/?nc2=h_ql_prod_mg_cw},
urldate = {2022-10-22}
}

@online {rds,
author = {Aws},
title = {Amazon RDS},
year = 2022,
url = { /web/20221202020049/https://aws.amazon.com/pt/rds/?nc2=h_ql_prod_db_rds},
urldate = {2022-10-22}
}


@online {ecr,
author = {Aws},
title = {Amazon Elastic Container Registry (Amazon ECR)},
year = 2022,
url = {: /web/20221202015933/https://aws.amazon.com/pt/ecr/?nc2=h_ql_prod_ct_ec2reg},
urldate = {2022-10-22}
}


@online {docker,
author = {Docker},
title = {Use containers to Build, Share and Run your applications},
year = 2022,
url = { /web/20221202015819/https://www.docker.com/resources/what-container/},
urldate = {2022-10-22}
}


@online {spring,
author = {VMware},
title = {Spring Boot 2.7.5},
year = 2022,
url = {/web/20221202015711/https://spring.io/projects/spring-boot},
urldate = {2022-10-22}
}

%testes de segurança
@online {ssl,
author = {Inc Qualys},
title = {SSL Server Test},
year = 2022,
url = {/web/20221202015455/https://www.ssllabs.com/ssltest/},
urldate = {2022-11-22}
}

@online {header,
author = {Scott Helme},
title = {Scan your site now},
year = 2022,
url = {/web/20221202015343/https://securityheaders.com/},
urldate = {2022-11-22}
}

%Integrações
@online{ correiosAPI,
author ={Correios},
title ={Documentação de integração },
year =2022,
url ={/web/20221202015230/https://www.correios.com.br/atendimento/developers/arquivos/manual-de-integracao-cliente-contrato-apis.pdf},
urldate ={2022-11-25}
}

@online{correiosCWS ,
author ={Correios},
title ={Correios Web Services - CWS},
year =2021,
url ={ /web/20221202015122/https://cws.correios.com.br/},
urldate ={2022-11-25}
}

@online{ibgeAPI ,
author ={IBGE},
title ={API de localidades},
year =2022,
url ={: /web/20221202014947/https://servicodados.ibge.gov.br/api/docs/localidades},
urldate ={2022-11-25}
}

@online{ecs,
author ={Aws},
title={Serviços do Amazon ECS},
year=2022,
url= {https://web.archive.org/web/20221202014654/https://docs.aws.amazon.com/pt_br/AmazonECS/latest/userguide/ecs_services.html},
urldate= {2022-11-25}
}

@online{mdn,
author={Mozilla},
title={Resources for Developers,
by Developers},
year= 2022,
url={ https://web.archive.org/web/20221202014525/https://developer.mozilla.org/pt-BR/},
urldate={2022-11-27}
}

@book{Rabelo:2012,
  title={Guia de Conduta para o Médico Veterinário},
  author={Rodrigo Cardoso Rabelo},
  year={2012},
  publisher = {Editora MedVet},
  address = {São Paulo, SP, BR}
}

@online{mitika,
title={PRONTUÁRIO MÉDICOVETERINÁRIO É DECISIVO
PARA ACOMPANHAMENTO DA
SAÚDE ANIMAL},
author={Mitika Kuribayashi Hagiwara},
year=2021 ,
url={https://web.archive.org/web/20220204174444/https://crmvsp.gov.br/wp-content/uploads/2021/08/CRMV-SP_Informativo_83_reduzido-1.pdf},
urldate={2022-12-06}
}

@online{buck,
author={João
Abel Buck},
title={ATUAÇÃO DA ABHV VISA GERAR VALOR E
ELEVAR A MEDICINA VETERINÁRIA NO PAÍS},
year={2021},
url={https://web.archive.org/web/20220204174444/https://crmvsp.gov.br/wp-content/uploads/2021/08/CRMV-SP_Informativo_83_reduzido-1.pdf},
urldate={2022-12-06}
}

@online{swagger,
author={SmartBear},
title={API Documentation},
year=2022,
url={https://web.archive.org/web/20221206192602/https://swagger.io/solutions/api-documentation/},
urldate={2022-12-06}
}

@online{processos,
author={José Ernesto Lima Gonçalves},
title={As Empresas São Grandes Coleções de Processos},
year= 2000, 
url={https://github.com/EquipeRocketIFSP/Documentos/blob/main/EntregaFinal/PR\%20FGV-RAE\%20As\%20empresas\%20s\%C3\%A3o\%20grandes\%20cole\%C3\%A7\%C3\%B5es\%20de\%20processos.pdf},
urldate={2022-12-06}
}


%tese sobre erros na transcrição de medicamentos
@online {transcricao,
author={Pereira,Raylane Monteiro and Felix,Bianca Scarano and Monteiro,Nathália Jucá and Fernandes,Reimison Moreira},
title={Análise da gestão de estoque em uma farmácia hospitalar em Marabá-PA: um estudo de caso},
year= 2018,
url={https://www.revistasg.uff.br/sg/article/view/1573/html},
urldate={2023-03-22}
}

%https://github.com/EquipeRocketIFSP/Documentos/blob/main/EntregaFinal/BPMN2_0_Manual.pdf




%@online{ gov,
%author={},
%title={},
%year= ,
%url ={https://web.archive.org/web/20221110135432/https://www.gov.br/governodigital/pt-br/assinatura-eletronica},
%}

%https://web.archive.org/web/20221024165937/https://www.nature.com/articles/s41746-019-0113-1

%https://abntparatcc.com.br/citar-ibge-abnt/

%https://web.archive.org/web/20221110135432/https://www.gov.br/governodigital/pt-br/assinatura-eletronica

%https://www.gov.br/governodigital/pt-br/assinatura-eletronica
%https://github.com/EquipeRocketIFSP/Documentos/tree/main/EntregaInicial/An%C3%A1lise%20do%20processo

%https://ric.cps.sp.gov.br/handle/123456789/9828