%%%%%%%%%%%%%%%%%%%%%%%%%%%%%%%%%%%%%%%%%%%%%%%%%%%%%%%%%%%%%%%%%%%%%%%%%%
% Referencias bibliograficas utilizadas
% Para mais informações ver documentação do abntex2 e http://www.bibtex.org/
%%%%%%%%%%%%%%%%%%%%%%%%%%%%%%%%%%%%%%%%%%%%%%%%%%%%%%%%%%%%%%%%%%%%%%%%%%

% https://github.com/AdrianoRuseler/abntex2-modelo-experimento/blob/master/abntex2-modelo-references.bib

% É importante observar que em casos onde o nome do autor ou organização tem acentos é importante fazer na forma separada \'e \~a de forma que a versão em maiúsculas fique correta.
% se você digitar um código errado o compilador pode reclar de caracter unicode invalido
% uma ótima solução para esse problema é fazer uma definição que troque esse caracter por uma string diferente assim facilitando detectar a localização do problema
% \DeclareUnicodeCharacter{0301}{*************************************}
% https://tex.stackexchange.com/questions/443018/package-inputenc-error-unicode-char-%CC%81-u301inputenc


@misc{rene_como_emperrar_a_inovacao,
  author = {Rene de {PAULA JR}},
  title = {um demo ao vivo: como emperrar a inovação!},
  year={2021},
  url={https://www.youtube.com/watch?v=yAHxFqKNjLY},
  options = {noslsn},
}

@misc{como_fazer_ingresso_com_escalar,
  author = {Fabio Akita},
  title = {Como fazer o Ingresso.com escalar? | Conceitos Intermediários de Web},
  year={2021},
  url={https://www.youtube.com/watch?v=0TMr8rsmU-k},
  options = {noslsn},
}


@misc{password_storage_cheat_sheet,
  Org-Short = {OWASP},
  organization = {Open Web Application Security Project Foundation},
  title = {Password Storage Cheat Sheet},
  year={-},
  url={https://web.archive.org/web/20211207112546/https://cheatsheetseries.owasp.org/cheatsheets/Password_Storage_Cheat_Sheet.html},
  options = {noslsn},
}

@misc{authentication_cheat_sheet,
  Org-Short = {OWASP},
  organization = {Open Web Application Security Project Foundation},
  title = {Authentication Cheat Sheet},
  year={-},
  url={https://web.archive.org/web/20211125194613/https://cheatsheetseries.owasp.org/cheatsheets/Authentication_Cheat_Sheet.html},
  options = {noslsn},
}

@misc{forgot_password_cheat_sheet,
  Org-Short = {OWASP},
  organization = {Open Web Application Security Project Foundation},
  title = {Forgot Password Cheat Sheet},
  year={-},
  url={https://web.archive.org/web/20211029025545/https://cheatsheetseries.owasp.org/cheatsheets/Forgot_Password_Cheat_Sheet.html},
  options = {noslsn},
}

@misc{owasp_cheat_sheet,
  Org-Short = {OWASP},
  organization = {Open Web Application Security Project Foundation},
  title = {OWASP Cheat Sheet Series},
  year={-},
  url={https://cheatsheetseries.owasp.org/index.html},
  options = {noslsn},
}
%%%%%%%%%%%%%%%%%%%%%%%%%%%%%%%%


@online{normativa,
  author = {MAPA},
  title = {INSTRUÇÃO NORMATIVA Nº 35, DE 11 DE SETEMBRO DE 2017},
  year = {2017},
  url = {https://www.gov.br/agricultura/pt-br/assuntos/insumos-agropecuarios/insumos-pecuarios/produtos-veterinarios/legislacao-1/instrucoes-normativas/instrucao-normativa-sda-mapa-no-35-de-11-09-2017.pdf},
  urldate = {2022-08-21}
}

@online{PetersonRedes,
  author = {Larry Peterson},
  title = {Redes de computadores : uma abordagem de sistemas},
  year = {2013},
  urldate = {2022-09-06}
}

@online{manual,
  author = {CRMVSP},
  title = {Manual de Responsabilidade Técnica e Legislação, 4° edição revisada},
  year = {2019},
  url = {https://crmvsp.gov.br/3d-flip-book/manual-de-responsabilidade-tecnica-e-legislacao/},
  urldate = {2022-09-06}
}

@online{lgpd,
  author = {LGPD},
  title = {Lei Geral de Proteção de Dados },
  year = {2018},
  url = {https://web.archive.org/web/20211018033354/https://www.tjsp.jus.br/LGPD/LGPD/ALGPD},
  urldate = {2022-09-06}
}

@online{lgpdComoCumprir,
  author = {SERPRO},
  title = {Como cumprir a LGPD?},
  year = {2022},
  url = {https://web.archive.org/web/20220719020624/https://www.serpro.gov.br/lgpd/empresa/como-cumprir-a-lgpd/},
  urldate = {2022-09-06}
}

@online{scrum,
author={Ken Schwaber},
title={What is Scrum? A Better Way Of Building Products},
year={2022},
url={https://www.scrum.org/resources/what-is-scrum},
urldate={2022-08-25}
}

@online{agile,
author={Don Wells},
title={When should Extreme - Programming be Used?},
year={1999},
url={http://www.extremeprogramming.org/when.html},
urldate={2022-08-25}
}
%—-------------------------
@online{manual_rt,
  author = {CRMV/SP},
  title = {Manual de Responsabilidade T\´ecnica e Legisla\c{c}\~{a}o},
  year = 2019,
  url = {https://crmvsp.gov.br/wp-content/uploads/2021/03/MANUAL_RT_CRMV-SP.pdf},
  urldate = {2022-09-26}
}
%Responsabilidade Tecnica 
%\cite manual_rt


%—---------
@online{rt_crmv,
  author = {CRMV/SP},
  title = {Responsabilidade T\´ecnica \´e uma das princ\´ipais atividades profissionais},
  year = 2022,
  url = {https://crmvsp.gov.br/responsabilidade-tecnica-e-uma-das-principais-atividades-profissionais/ },
  urldate = {2022-09-26}
}
% Responsabilidade Tecnica
%\cite rt_crmv

%—---------------------
@online{teleMV,
  author = {CRMV/SP},
  title = {resolu\c{c}\~{a}o nº 1465, de 27 de junho de 2022},
  year = 2022,
  url = {http://ts.cfmv.gov.br/manual/arquivos/resolucao/1465.pdf},
  urldate = {2022-09-26}
}

%Telemedicina Veterinária
%\cite teleMV

%—---------------------
@online{cart_digital,
  author = {CRMV/SP},
  title = {resolu\c{c}\~{a}o cria c\´edula digital e simplifica processos de inscri\c{c}\~{a}o e cadastro},
  year = 2022,
  url = {http://ts.cfmv.gov.br/manual/arquivos/resolucao/1475.pdf},
  urldate = {2022-09-26}
}
%Cédula Veterinária Digital
%\cite cart_digital
%--------------------------------------------------
@online{art_digital,
  author = {CFMV},
  title = {resolu\c{c}\~{a}o nº 1228, de 20 de setembro de 2018},
  year = 2018,  url = {http://ts.cfmv.gov.br/manual/arquivos/resolucao/1228.pdf },
  urldate = {2022-09-26}
}
%ART Digital
%\cite art_digital

%------------------------------------------------

@online{ doc_obrig,
  author = {CFMV},
  title = {resolu\c{c}\~{a}o nº 1321 DE 24 DE ABRIL DE 2020},
  year = 2020,  url = {https://edisciplinas.usp.br/pluginfile.php/5534504/mod_resource/content/3/RESO%20CFMV%201321_2020.pdf },
  urldate = {2022-09-26}
}
%Normatização de Documentos Obrigatórios emitidos pelos estabelecimentos veterinários
%\cite doc_obrig

@online{ etica,
  author = {CFMV},
  title = {resolu\c{c}\~{a}o nº 1138 DE 25 DE Janeiro DE 2016},
  year = 2016,  url = {https://http://ts.cfmv.gov.br/manual/arquivos/resolucao/1138.pdf },
  urldate = {2022-10-18}
}

@online{ ibge2013,
author = {IBGE},
title = {Popula\c{c}\~{a}o de animais de estima\c{c}\~{a}o no Brasil em 2013},
year = 2013, url = {https://www.gov.br/agricultura/pt-br/assuntos/camaras-setoriais-tematicas/documentos/camaras-tematicas/insumos-agropecuarios/anos-anteriores/ibge-populacao-de-animais-de-estimacao-no-brasil-2013-abinpet-79.pdf},
urldate = {2022-11-01}
}

@online{ ibge2018,
author = {IBGE},
title = {Mercado Pet},
year = 2019, url = {https://www.gov.br/agricultura/pt-br/assuntos/camaras-setoriais-tematicas/documentos/camaras-setoriais/animais-e-estimacao/2019/26deg-ro-1/14-10-ipb_mercado_pet_resultados_2018_draft2.pdf},
urldate = {2022-11-01}
}

@online{ pet2021,
author = {IBGE},
title = {Mercado Pet 2022},
year = 2022, url = {https://abinpet.org.br/wp-content/uploads/2022/08/abinpet_folder_dados_mercado_2022_draft3_web.pdf},
urldate = {2022-11-01}
}

@online {gato2019,
author = {IBGE},
title = {Domicilios com algum gato, por situa\c{c}\~{a}o de domicilio},
year = 2019,
url = {https://sidra.ibge.gov.br/tabela/4931#resultado},
urldate = {2022-11-01}
}

@online {cao2019,
author = {IBGE},
title = {Domicilios com algum c\~{a}o, por situa\c{c}\~{a}o de domicilio},
year = 2019,
url = {https://sidra.ibge.gov.br/tabela/4930#resultado},
urldate = {2022-11-01}
}

@online {vacina2019,
author = {IBGE},
title = {Domicilios com algum cachorro ou gato e em que todos os cachorros e gatos foram vacinados contra raiva nos ultimos 12 meses},
year = 2019,
url = {https://sidra.ibge.gov.br/tabela/4932#resultado},
urldate = {2022-11-01}
}

@online {vets2020,
author = {CFMV},
title = {Censo trienio 2017-2020},
year = 2020,
url = {https://www.cfmv.gov.br/censo/transparencia/2017-2020/2020/12/11/},
urldate = {2022-11-01}
}

@online {vets2022,
author = {CFMV},
title = {Relatorio geral 2022},
year = 2022,
url = {https://www.cfmv.gov.br/wp-content/uploads/2022/05/relatorio_geral-1.pdf},
urldate = {2022-11-01}
}

@online {clinicas2022,
author = {CFMV},
title = {Relatorio clinica hospital consultorio 2022},
year = 2022,
url = {https://www.cfmv.gov.br/wp-content/uploads/2022/05/relatorio_clinica_hospital_consultorio.pdf},
urldate = {2022-11-01}
}


@online {vets_SP,
author = {CRMVSP},
title = {CRMV-SP em numeros},
year = 2022,
url = {https://crmvsp.gov.br/crmv-em-numeros/},
urldate = {2022-11-01}
}



@online {pe_dig,
author = {Dantas,Erika Evangelista and Martins, Ana Beatriz},
title = {Digitalização de prontuários na Medicina Veterinária},
year = 2021,
url = {https://www.dantasemartins.com.br/2021/09/20/digitalizacao-de-prontuarios-na-medicina-veterinaria/},
urldate = {2022-11-01}
}


@online {scrum2,
author = {Schwaber,Ken and Sutherland,Jeff},
title = {The 2020 Scrum Guide},
year = 2020,
url = {https://scrumguides.org/scrum-guide.html#scrum-team},
urldate = {2022-11-06}
}


@online {agile2,
author = {West,Dave},
title = {As papéis do Scrum e a verdade sobre cargos nessa técnica},
year = 2022,
url = {https://www.atlassian.com/br/agile/scrum/roles},
urldate = {2022-11-06}
}


@online {prontuario,
author = {Arruda,Renata},
title = {Prontuário e a sua importância legal e ética na medicina veterinária},
year = 2022,
url = {https://www.vetshare.com.br/post/prontu%C3%A1rio-e-a-sua-import%C3%A2ncia-legal-e-%C3%A9tica-na-medicina-veterin%C3%A1ria},
urldate = {2022-11-01}
}



@online {jira,
author = {Atlassian},
title = {Práticas recomendadas do Jira Software},
year = 2022,
url = {https://www.atlassian.com/br/software/jira/guides/getting-started/best-practices#jira-workflow-best-practices},
urldate = {2022-11-07}
}

@online {Senado,
author = {Senado Notícias},
title = {Salário mínimo de 1.212 é promulgado},
year = 2022,
url = {https://web.archive.org/web/20221022131318/https://www12.senado.leg.br/noticias/materias/2022/06/02/salario-minimo-de-r-1-212-e-promulgado},
urldate = {2022-02-06}
}

@online {FGV,
author = {André Porela Souza},
title = {Custo do trabalho no Brasil},
year = 2022,
url = {https://web.archive.org/web/20220303064635/https://cmicro.fgv.br/sites/cmicro.fgv.br/files/file/Custo%20do%20Trabalho%20no%20Brasil%20-%20Relat%C3%B3rio%20Final(1).pdf},
urldate = {2022-07-11}
}

